@article{shin2014novel,
  title={A novel way to soccer match prediction},
  author={Shin, Jongho and Gasparyan, Robert},
  journal={Stanford University: Department of Computer Science},
  year={2014}
}

@article{dixon1997modelling,
  title={Modelling association football scores and inefficiencies in the football betting market},
  author={Dixon, Mark J and Coles, Stuart G},
  journal={Journal of the Royal Statistical Society: Series C (Applied Statistics)},
  volume={46},
  number={2},
  pages={265--280},
  year={1997},
  publisher={Wiley Online Library}
}

@inproceedings{razali2017predicting,
  title={Predicting football matches results using Bayesian networks for English Premier League (EPL)},
  author={Razali, Nazim and Mustapha, Aida and Yatim, Faiz Ahmad and Ab Aziz, Ruhaya},
  booktitle={Iop conference series: Materials science and engineering},
  volume={226},
  number={1},
  pages={012099},
  year={2017},
  organization={IOP Publishing}
}

@phdthesis{ulmer2013predicting,
  title={Predicting soccer match results in the english premier league},
  author={Ulmer, Ben and Fernandez, Matthew and Peterson, Michael},
  year={2013},
  school={Doctoral dissertation, Ph. D. dissertation, Stanford}
}

@article{ferrarini2014new,
  title={A new game theory algorithm simulates soccer matches: Reducing complexity to its irreducible essence},
  author={Ferrarini, Alessandro},
  journal={Selforganizology},
  volume={1},
  number={3-4},
  pages={211--218},
  year={2014},
  publisher={Citeseer}
}

@article{2020,
  doi = {10.31234/osf.io/2gkht},
  url = {https://doi.org/10.31234/osf.io/2gkht},
  year = {2020},
  month = aug,
  publisher = {Center for Open Science},
  author = {Dane Jamie McCarrick and Merim Bilalic and Nicholas Neave and Sandy Wolfson},
  title = {Home Advantage during the {COVID}-19 Pandemic in European football}
}